@BOOK
{HFPR,
    author = {D. Maltoni, D. Maio, A. Jain, and S. Prabhakar},
    title = {Handbook of fingerprint recognition},
    publisher = {Springer Science+Business Media},
    isbn = {978-1-84882-254-2},
    year = {2009}
}

@MANUAL
{NBISUG,
    author = {C. Watson, M. Garris, E. Tabassi, C. Wilson, R. McCave, S. Janet, K. Ko},
    title = {User's Guide to NIST Biometric Image Software},
    organization = {National Institute of Standards and Technology},
    year = {2007}
}

@ARTICLE
{ITITAN,
    author = {P. Isola, J. Zhu, T. Zhou, A. Efros},
    title = {Image-to-Image Translation with Conditional Adversarial Networks},
    year = {2016},
    eprint = {arXiv:1611.07004}
}

@ARTICLE
{UNBIS,
    author = {O. Ronneberger, P. Fischer, T. Brox},
    title = {U-net: Convolutional networks for biomedical image segmentation},
    journal = {Computer Science Department and BIOSS Centre for Biological Signalling Studies, University of Freiburg, Germany},
    year = {2015}
    
}

@MISC
{NBISWP,
    author = {NIST},
    title = {NIST Biometric Image Software (NBIS)},
    year = {2019},
    url = {https://www.nist.gov/services-resources/software/nist-biometric-image-software-nbis},
}

@CONFERENCE
{RROCCMC,
    author = {R.M. Bolle, J.H. Connell, S. Pankanti, N.K. Ratha and A.W. Senior},
    title = {The Relation Between the ROC Curve and the CMC},
    booktitle = {In Proc: Fourth IEEE Workshop on Automatic Identification Advanced Technologies Conference, Buffalo, NY, USA},
    year = {2005}
}